<?xml version="1.0" encoding="UTF-8"?><collection xmlns="http://www.loc.gov/MARC21/slim"><record><leader>00394nam--2200133-i-4500</leader><controlfield tag="001">000030015</controlfield><controlfield tag="002">20161230</controlfield><controlfield tag="005">20161230201038</controlfield><controlfield tag="008">060222s1000------------r-----000-0-eng-d</controlfield><datafield ind1=" " ind2=" " tag="080"><subfield code="a">548.7:537.531.81</subfield></datafield><datafield ind1=" " ind2=" " tag="100"><subfield code="a">Lasser, R</subfield></datafield><datafield ind1=" " ind2=" " tag="245"><subfield code="a">Bestimmung von comptonprofilen an den metall-wasserstoff-systemen vhx, vdx und pdhx. dissertation</subfield></datafield><datafield ind1=" " ind2=" " tag="260"><subfield code="a">Innsbruck, Universitat, F.An. 66p</subfield></datafield><datafield ind1=" " ind2=" " tag="852"><subfield code="a">48216</subfield></datafield></record></collection>